<collection xmlns="http://www.loc.gov/MARC21/slim">
<record>
  <leader>02057nam0a22003011i 450 </leader>
  <controlfield tag="001">IT\ICCU\CNCE\067145</controlfield>
  <controlfield tag="005">20060928000000.0</controlfield>
  <datafield tag="012" ind1=" " ind2=" ">
    <subfield code="a">m.v. lelu o.i. Hami (3) 1518 (A)</subfield>
    <subfield code="2">fei</subfield>
  </datafield>
  <datafield tag="100" ind1=" " ind2=" ">
    <subfield code="a">20060907d1518        0itac0103    ba</subfield>
  </datafield>
  <datafield tag="101" ind1=" " ind2=" ">
    <subfield code="a">LAT</subfield>
  </datafield>
  <datafield tag="102" ind1=" " ind2=" ">
    <subfield code="a">IT</subfield>
  </datafield>
  <datafield tag="200" ind1="1" ind2=" ">
    <subfield code="a">Secunda pars Abbatis super secundo decretalium cum multis suppletionibus &amp; apostillis videlicet Domini Andree Barbatie &amp; quamplurium aliorum clarissimorum iuriconsultorum. Necnon cum additionibus. I. V. doc. Do. Bernardini Ruffi de forse. &amp;. D. Aenee de Falconibus. Vna cum additionibus domini Zacharie Frrerij Vicentini. Postremo vero superaddite sunt apostille preclarissimi. V. I. doc. Domini Antonij Fraancisci de doctoribus paduani iurisconsultissimi que nouissime date sunt in lucem. Cum additionibus clarissimi diuini &amp; humani iuris Domini Antonii Francisci de doctoribus paduani</subfield>
  </datafield>
  <datafield tag="210" ind1=" " ind2=" ">
    <subfield code="a">Venetiis - ex edibus Baptiste De Tortis (Venetiis</subfield>
    <subfield code="c">per Baptistam de Tortis</subfield>
    <subfield code="d">1518. Dic. 12. februarij.) - 141 c.</subfield>
    <subfield code="d">fol</subfield>
  </datafield>
  <datafield tag="300" ind1=" " ind2=" ">
    <subfield code="a">Got. -  Iniziali xil. -  In testa al front.: Cum additionibus clarissimi diuini .. -  Marca di Battista Torti in fine. -  Segn.: aaaa-rrrr8ssss6ANNULLATA, PERCHE&apos; 2ʻ V. DEL CNC 34821 !!!</subfield>
  </datafield>
  <datafield tag="620" ind1=" " ind2=" ">
    <subfield code="a">IT</subfield>
    <subfield code="d">Venezia</subfield>
  </datafield>
  <datafield tag="702" ind1=" " ind2="1">
    <subfield code="a">Barbazza,</subfield>
    <subfield code="b">Andrea</subfield>
    <subfield code="3">IT\ICCU\CNCA\001033</subfield>
  </datafield>
  <datafield tag="702" ind1=" " ind2="1">
    <subfield code="a">Falconi,</subfield>
    <subfield code="b">Enea</subfield>
    <subfield code="3">IT\ICCU\CNCA\005231</subfield>
  </datafield>
  <datafield tag="702" ind1=" " ind2="1">
    <subfield code="a">Ferreri,</subfield>
    <subfield code="b">Zaccaria</subfield>
    <subfield code="3">IT\ICCU\CNCA\005341</subfield>
  </datafield>
  <datafield tag="712" ind1="0" ind2="0">
    <subfield code="a">Torti, Battista</subfield>
    <subfield code="3">IT\ICCU\CNCT\000101</subfield>
    <subfield code="4">650</subfield>
  </datafield>
  <datafield tag="790" ind1=" " ind2="1">
    <subfield code="a">Barbatia,</subfield>
    <subfield code="b">Andreas</subfield>
    <subfield code="3">IT\ICCU\CNCA\027275</subfield>
    <subfield code="z">Barbazza, Andrea</subfield>
  </datafield>
  <datafield tag="790" ind1=" " ind2="1">
    <subfield code="a">Barbatius,</subfield>
    <subfield code="b">Andreas</subfield>
    <subfield code="3">IT\ICCU\CNCA\027276</subfield>
    <subfield code="z">Barbazza, Andrea</subfield>
  </datafield>
  <datafield tag="790" ind1=" " ind2="1">
    <subfield code="a">Falconi,</subfield>
    <subfield code="b">Enea : de</subfield>
    <subfield code="3">IT\ICCU\CNCA\019259</subfield>
    <subfield code="z">Falconi, Enea</subfield>
  </datafield>
  <datafield tag="790" ind1=" " ind2="1">
    <subfield code="a">Falconibus,</subfield>
    <subfield code="b">Aeneas : de</subfield>
    <subfield code="3">IT\ICCU\CNCA\019260</subfield>
    <subfield code="z">Falconi, Enea</subfield>
  </datafield>
  <datafield tag="790" ind1=" " ind2="1">
    <subfield code="a">Benedetti,</subfield>
    <subfield code="b">Zaccaria</subfield>
    <subfield code="3">IT\ICCU\CNCA\007827</subfield>
    <subfield code="z">Ferreri, Zaccaria</subfield>
  </datafield>
  <datafield tag="790" ind1=" " ind2="1">
    <subfield code="a">Ferrerius,</subfield>
    <subfield code="b">Zacharias</subfield>
    <subfield code="3">IT\ICCU\CNCA\019418</subfield>
    <subfield code="z">Ferreri, Zaccaria</subfield>
  </datafield>
  <datafield tag="791" ind1="0" ind2="0">
    <subfield code="a">De_Tortis, Baptista</subfield>
    <subfield code="3">IT\ICCU\CNCT\004133</subfield>
    <subfield code="z">Torti, Battista</subfield>
  </datafield>
  <datafield tag="791" ind1="0" ind2="0">
    <subfield code="a">Tortis, Baptista de</subfield>
    <subfield code="3">IT\ICCU\CNCT\005592</subfield>
    <subfield code="z">Torti, Battista</subfield>
  </datafield>
  <datafield tag="801" ind1=" " ind2="3">
    <subfield code="a">IT</subfield>
    <subfield code="b">ICCU</subfield>
    <subfield code="c">20201115</subfield>
  </datafield>
</record>
</collection>
